@article{DBLP:journals/corr/BrockmanCPSSTZ16,
  author    = {Greg Brockman and
               Vicki Cheung and
               Ludwig Pettersson and
               Jonas Schneider and
               John Schulman and
               Jie Tang and
               Wojciech Zaremba},
  title     = {OpenAI Gym},
  journal   = {CoRR},
  volume    = {abs/1606.01540},
  year      = {2016},
  url       = {http://arxiv.org/abs/1606.01540},
  archivePrefix = {arXiv},
  eprint    = {1606.01540},
  timestamp = {Wed, 07 Jun 2017 14:41:24 +0200},
  biburl    = {http://dblp.org/rec/bib/journals/corr/BrockmanCPSSTZ16},
  bibsource = {dblp computer science bibliography, http://dblp.org}
}